@book{loring,
  author = "Loring W. Tu",
  title = "An Introduction to Manifolds, Second Edition",
  publisher = "Springer",
  year = 2011 }

@book{gouvea,
  author = "Fernando Q. Gouv\^ea",
  title = "p-adic Numbers - An Introduction, Second Edition",
  publisher = "Springer",
  year = 1997 }

@book{samu,
  author = "佐武一郎",
  yomi = "Ichiro Samu",
  title = "リー環の話",
  publisher = "日本評論社",
  year = 1987 }

@book{awodey,
  author = "Steve Awodey",
  title = "Category Theory, Second Edition",
  publisher = "Oxford University Press",
  year = 2010 }

@book{brezis,
  author = "Haim Brezis",
  title = "Functional Analysis, Sobolev Spaces and Partial Differential Equations",
  publisher = "Springer",
  year = 2010 }

@book{dudley,
  author = "R. M. Dudley",
  title = "Real Analysis and Probability, Second Edition",
  publisher = "Cambridge University Press",
  year = 2010 }

@book{weibel,
  author = "Charles A. Weibel",
  title = "An Introduction to Homological Algebra",
  publisher = "Cambridge University Press",
  year = 1994}
